<record><leader>00000cas a2200000 a 4500</leader><controlfield tag="001">11011502</controlfield><controlfield tag="008">840801d19711972miuer ne      0   a0eng c</controlfield><datafield ind1=" " ind2=" " tag="010"><subfield code="a">sn 94024582 </subfield></datafield><datafield ind1=" " ind2=" " tag="040"><subfield code="a">WIH</subfield><subfield code="b">eng</subfield><subfield code="c">WIH</subfield><subfield code="d">OCL</subfield><subfield code="d">EYM</subfield><subfield code="d">CNW</subfield><subfield code="d">MHN</subfield><subfield code="d">OCLCQ</subfield><subfield code="d">CUV</subfield><subfield code="d">OCLCQ</subfield><subfield code="d">OCLCF</subfield><subfield code="d">CUS</subfield><subfield code="d">DLC</subfield><subfield code="d">OCL</subfield></datafield><datafield ind1=" " ind2=" " tag="012"><subfield code="l">1</subfield></datafield><datafield ind1="0" ind2=" " tag="022"><subfield code="a">2470-3567</subfield><subfield code="2">1</subfield></datafield><datafield ind1=" " ind2=" " tag="042"><subfield code="a">pcc</subfield><subfield code="a">nsdp</subfield></datafield><datafield ind1=" " ind2=" " tag="043"><subfield code="a">n-us-mi</subfield><subfield code="a">n-us---</subfield></datafield><datafield ind1="1" ind2="4" tag="050"><subfield code="a">F574.G7</subfield><subfield code="b">R6</subfield></datafield><datafield ind1="1" ind2="0" tag="082"><subfield code="a">070</subfield><subfield code="2">23</subfield></datafield><datafield ind1="0" ind2=" " tag="130"><subfield code="a">Root (Grand Rapids, Mich.)</subfield></datafield><datafield ind1=" " ind2="4" tag="222"><subfield code="a">The root</subfield><subfield code="b">(Grand Rapids, Mich. Print)</subfield></datafield><datafield ind1="1" ind2="4" tag="245"><subfield code="a">The root.</subfield></datafield><datafield ind1=" " ind2=" " tag="260"><subfield code="a">Grand Rapids, Mich. :</subfield><subfield code="b">[s.n.],</subfield><subfield code="c">1971-</subfield></datafield><datafield ind1=" " ind2=" " tag="300"><subfield code="a">v. :</subfield><subfield code="b">ill. ;</subfield><subfield code="c">40 cm.</subfield></datafield><datafield ind1=" " ind2=" " tag="310"><subfield code="a">Biweekly</subfield></datafield><datafield ind1="0" ind2=" " tag="362"><subfield code="a">Vol. 1, no. 1 (Jan. 6, 1971)-</subfield></datafield><datafield ind1="1" ind2=" " tag="362"><subfield code="a">Ceased in 1972?</subfield></datafield><datafield ind1=" " ind2=" " tag="500"><subfield code="a">"A Grand Rapids peoples' paper." (varies slightly).</subfield></datafield><datafield ind1=" " ind2=" " tag="515"><subfield code="a">Issue called: Vol. 1, no. 17 (Dec. 9-23, [1971]) but constitutes v. 1, no. 20. Issue called: Vol. 1, no. 18 (Nov. 24-Dec. 8, [1971]), but constitutes v. 1, no. 19.</subfield></datafield><datafield ind1=" " ind2=" " tag="515"><subfield code="a">Issue called: Vol. 2, no. 1 (June 14-28, 1971) but constitutes v. 1, no. 11.</subfield></datafield><datafield ind1=" " ind2=" " tag="530"><subfield code="a">Issued on microfilm by the State Historical Society of Wisconsin.</subfield></datafield><datafield ind1=" " ind2=" " tag="588"><subfield code="a">Latest issue consulted: Vol. 2, no. 9 (Aug. 26, 1972) (surrogate).</subfield></datafield><datafield ind1=" " ind2="0" tag="650"><subfield code="a">Underground press publications</subfield><subfield code="z">Michigan</subfield><subfield code="z">Grand Rapids.</subfield></datafield><datafield ind1=" " ind2="0" tag="651"><subfield code="a">Grand Rapids (Mich.)</subfield><subfield code="v">Newspapers.</subfield></datafield><datafield ind1=" " ind2="0" tag="651"><subfield code="a">Kent County (Mich.)</subfield><subfield code="v">Newspapers.</subfield></datafield><datafield ind1=" " ind2="0" tag="650"><subfield code="a">Vietnam War, 1961-1975</subfield><subfield code="x">Protest movements</subfield><subfield code="v">Newspapers.</subfield></datafield><datafield ind1="2" ind2="7" tag="611"><subfield code="a">Vietnam War (1961-1975)</subfield><subfield code="2">fast</subfield><subfield code="0">(OCoLC)fst01431664</subfield></datafield><datafield ind1=" " ind2="7" tag="650"><subfield code="a">Protest movements.</subfield><subfield code="2">fast</subfield><subfield code="0">(OCoLC)fst01079826</subfield></datafield><datafield ind1=" " ind2="7" tag="650"><subfield code="a">Underground press publications.</subfield><subfield code="2">fast</subfield><subfield code="0">(OCoLC)fst01160984</subfield></datafield><datafield ind1=" " ind2="7" tag="651"><subfield code="a">Michigan</subfield><subfield code="z">Grand Rapids.</subfield><subfield code="2">fast</subfield><subfield code="0">(OCoLC)fst01206920</subfield></datafield><datafield ind1=" " ind2="7" tag="651"><subfield code="a">Michigan</subfield><subfield code="z">Kent County.</subfield><subfield code="2">fast</subfield><subfield code="0">(OCoLC)fst01202912</subfield></datafield><datafield ind1=" " ind2="7" tag="648"><subfield code="a">1961-1975</subfield><subfield code="2">fast</subfield></datafield><datafield ind1=" " ind2="7" tag="655"><subfield code="a">Newspapers.</subfield><subfield code="2">fast</subfield><subfield code="0">(OCoLC)fst01423814</subfield></datafield><datafield ind1=" " ind2=" " tag="752"><subfield code="a">United States</subfield><subfield code="b">Michigan</subfield><subfield code="c">Kent</subfield><subfield code="d">Grand Rapids.</subfield></datafield><datafield ind1="0" ind2="8" tag="776"><subfield code="i">Online version:</subfield><subfield code="t">Root (Grand Rapids, Mich.)</subfield><subfield code="x">2470-3575</subfield><subfield code="w">(DLC)  2016200985</subfield><subfield code="w">(OCoLC)934652236</subfield></datafield><datafield ind1="4" ind2="1" tag="856"><subfield code="u">http://voices.revealdigital.com/cgi-bin/independentvoices?a=cl&amp;cl=CL1&amp;sp=BBABBFAC&amp;ai=1</subfield></datafield><datafield ind1=" " ind2=" " tag="850"><subfield code="a">MiU</subfield></datafield><datafield ind1="1" ind2=" " tag="029"><subfield code="a">AU@</subfield><subfield code="b">000011357108</subfield></datafield></record>